<record><leader>00000cas a2200000 a 4500</leader><controlfield tag="001">12814201</controlfield><controlfield tag="008">851118d18951897ksuwr ne      0    0eng d</controlfield><controlfield tag="009">3789</controlfield><datafield ind1=" " ind2=" " tag="010"><subfield code="a">sn 85067044 </subfield></datafield><datafield ind1=" " ind2=" " tag="040"><subfield code="a">KSH</subfield><subfield code="b">eng</subfield><subfield code="c">KSH</subfield><subfield code="d">NPT</subfield><subfield code="d">NPX</subfield><subfield code="d">DLC</subfield><subfield code="d">OCL</subfield></datafield><datafield ind1="1" ind2=" " tag="029"><subfield code="a">AU@</subfield><subfield code="b">000022170736</subfield></datafield><datafield ind1=" " ind2=" " tag="042"><subfield code="a">msc</subfield></datafield><datafield ind1="0" ind2="0" tag="050"><subfield code="a">Newspaper 7803-X</subfield></datafield><datafield ind1="0" ind2="4" tag="245"><subfield code="a">The Topeka mail and Kansas breeze.</subfield></datafield><datafield ind1=" " ind2=" " tag="260"><subfield code="a">Topeka, Kan. :</subfield><subfield code="b">A. Capper,</subfield><subfield code="c">1895-1897.</subfield></datafield><datafield ind1=" " ind2=" " tag="300"><subfield code="a">3 v. :</subfield><subfield code="b">ill. ;</subfield><subfield code="c">58 cm.</subfield></datafield><datafield ind1=" " ind2=" " tag="310"><subfield code="a">Weekly</subfield></datafield><datafield ind1="0" ind2=" " tag="362"><subfield code="a">25th year (Sept. 13, 1895)-27th year (Apr. 30, 1897).</subfield></datafield><datafield ind1=" " ind2=" " tag="500"><subfield code="a">Publisher's name recorded in Bird &amp; Wallace.  Witness of the times - a hist. of Shawnee Co.</subfield></datafield><datafield ind1=" " ind2=" " tag="500"><subfield code="a">"Republican."</subfield></datafield><datafield ind1=" " ind2=" " tag="752"><subfield code="a">United States</subfield><subfield code="b">Kansas</subfield><subfield code="c">Shawnee</subfield><subfield code="d">Topeka.</subfield></datafield><datafield ind1="0" ind2="4" tag="780"><subfield code="t">Topeka mail (Topeka, Kan. : 1888)</subfield><subfield code="w">(DLC)sn 82016421</subfield></datafield><datafield ind1="0" ind2="4" tag="780"><subfield code="t">Kansas breeze (Topeka, Kan.)</subfield><subfield code="w">(DLC)sn 85067043</subfield></datafield><datafield ind1="0" ind2="5" tag="780"><subfield code="t">Lance (Topeka, Kan.)</subfield><subfield code="g">Jan. 1896</subfield><subfield code="w">(DLC)sn 85067115</subfield></datafield><datafield ind1="0" ind2="5" tag="780"><subfield code="t">Sunflower (Topeka, Kan.)</subfield><subfield code="g">Dec. 1896</subfield></datafield><datafield ind1="0" ind2="0" tag="785"><subfield code="t">Topeka mail and breeze</subfield><subfield code="w">(DLC)sn 85067045</subfield></datafield></record>